@Book{kopka04,
  author =    {Kopka, Helmut and Daly, Patrick W.},
  title =     {Guide to \LaTeX},
  publisher = {Addison-Wesley},
  year =      {2004},
  edition =   {4}
}

@Book{goossens04,
  author =    {Mittelbach, Frank and Goossens, Michel},
  title =     {The \LaTeX{} Companion},
  publisher = {Addison-Wesley},
  year =      {2004},
  edition =   {2}
}

@online{lshort,
  author =    {Oetiker, Tobias and others},
  title =     "{A (Not So) Short Introduction to LaTeX2e}",
  url =       {http://ctan.org/tex-archive/info/lshort}
}

@online{ZEUSGuide,
  author =    {Foster, Brian},
  title =     "{The guide to writing ZEUS papers}",
  url =       {http://pi.physik.uni-bonn.de}
}
