@Article{Chekanov:2009qja,
     author    = "{ZEUS Collab.} and Chekanov, S. and others",
 collaboration = "ZEUS",
     title     = "{A QCD analysis of ZEUS diffractive data}",
     journal   = "Nucl. Phys.",
     volume    = "B831",
     year      = "2010",
     pages     = "1-25",
     eprint    = "0911.4119",
     archivePrefix = "arXiv",
     primaryClass  =  "hep-ex",
     doi       = "10.1016/j.nuclphysb.2010.01.014",
     SLACcitation  = "%%CITATION = 0911.4119;%%"
}

@Article{Chekanov:2009wt,
     author    = "{H1 and ZEUS Collab.} and Aaron, F. D. and others",
 collaboration = "H1 and ZEUS",
     title     = "{Combined Measurement and QCD Analysis of the Inclusive ep
                  Scattering Cross Sections at HERA}",
     journal   = "JHEP",
     volume    = "01",
     year      = "2010",
     pages     = "109",
     eprint    = "0911.0884",
     archivePrefix = "arXiv",
     primaryClass  =  "hep-ex",
     doi       = "10.1007/JHEP01(2010)109",
     SLACcitation  = "%%CITATION = 0911.0884;%%"
}

@Article{Aaron:2009wg,
     author    = "{H1 and ZEUS Collab.} and Aaron, F. D. and others",
 collaboration = "H1 and ZEUS",
     title     = "{Events with an Isolated Lepton and Missing Transverse
                  Momentum and Measurement of W Production at HERA}",
     journal   = "JHEP",
     volume    = "03",
     year      = "2010",
     pages     = "035",
     eprint    = "0911.0858",
     archivePrefix = "arXiv",
     primaryClass  =  "hep-ex",
     doi       = "10.1007/JHEP03(2010)035",
     SLACcitation  = "%%CITATION = 0911.0858;%%"
}

@Article{Chekanov:2009zz,
     author    = "{ZEUS Collab.} and Chekanov, S. and others",
 collaboration = "ZEUS",
     title     = "{Exclusive photoproduction of upsilon mesons at HERA}",
     journal   = "Phys. Lett.",
     volume    = "B680",
     year      = "2009",
     pages     = "4-12",
     eprint    = "0903.4205",
     archivePrefix = "arXiv",
     primaryClass  =  "hep-ex",
     doi       = "10.1016/j.physletb.2009.07.066",
     SLACcitation  = "%%CITATION = 0903.4205;%%"
}

@Article{Chekanov:2009tu,
     author    = "{ZEUS Collab.} and Chekanov, S. and others",
 collaboration = "ZEUS",
     title     = "{Measurement of $J/\psi$ photoproduction at large momentum
                  transfer at HERA}",
     journal   = "JHEP",
     volume    = "05",
     year      = "2010",
     pages     = "085",
     eprint    = "0910.1235",
     archivePrefix = "arXiv",
     primaryClass  =  "hep-ex",
     doi       = "10.1007/JHEP05(2010)085",
     SLACcitation  = "%%CITATION = 0910.1235;%%"
}

@Article{Chekanov:2009dq,
     author    = "{ZEUS Collab.} and Chekanov, S. and others",
 collaboration = "ZEUS",
     title     = "{Measurement of isolated photon production in deep
                  inelastic ep scattering}",
     journal   = "Phys. Lett.",
     volume    = "B687",
     year      = "2010",
     pages     = "16-25",
     eprint    = "0909.4223",
     archivePrefix = "arXiv",
     primaryClass  =  "hep-ex",
     doi       = "10.1016/j.physletb.2010.02.045",
     SLACcitation  = "%%CITATION = 0909.4223;%%"
}

@Article{Chekanov:2009ef,
     author    = "{ZEUS Collab.} and Chekanov, S. and others",
 collaboration = "ZEUS",
     title     = "{Measurement of dijet photoproduction for events with a
                  leading neutron at HERA}",
     journal   = "Nucl. Phys.",
     volume    = "B827",
     year      = "2010",
     pages     = "1-33",
     eprint    = "0909.3032",
     archivePrefix = "arXiv",
     primaryClass  =  "hep-ex",
     doi       = "10.1016/j.nuclphysb.2009.10.002",
     SLACcitation  = "%%CITATION = 0909.3032;%%"
}

@Article{Aaron:2009sma,
     author    = "{H1 and ZEUS Collab.} and Aaron, F. D. and others",
 collaboration = "H1 and ZEUS",
     title     = "{Multi-Leptons with High Transverse Momentum at HERA}",
     journal   = "JHEP",
     volume    = "10",
     year      = "2009",
     pages     = "013",
     eprint    = "0907.3627",
     archivePrefix = "arXiv",
     primaryClass  =  "hep-ex",
     doi       = "10.1088/1126-6708/2009/10/013",
     SLACcitation  = "%%CITATION = 0907.3627;%%"
}

@Article{Chekanov:2009cv,
     author    = "{ZEUS Collab.} and Chekanov, S. and others",
 collaboration = "ZEUS",
     title     = "{Multi-lepton production at high transverse momentum at
                  HERA}",
     journal   = "Phys. Lett.",
     volume    = "B680",
     year      = "2009",
     pages     = "13-23",
     eprint    = "0906.1504",
     archivePrefix = "arXiv",
     primaryClass  =  "hep-ex",
     doi       = "10.1016/j.physletb.2009.08.026",
     SLACcitation  = "%%CITATION = 0906.1504;%%"
}

@Article{Chekanov:2009br,
     author    = "{ZEUS Collab.} and Chekanov, S. and others",
 collaboration = "ZEUS",
     title     = "{Measurement of $J/\psi$ helicity distributions in
                  inelastic photoproduction at HERA}",
     journal   = "JHEP",
     volume    = "12",
     year      = "2009",
     pages     = "007",
     eprint    = "0906.1424",
     archivePrefix = "arXiv",
     primaryClass  =  "hep-ex",
     doi       = "10.1088/1126-6708/2009/12/007",
     SLACcitation  = "%%CITATION = 0906.1424;%%"
}

@Article{Chekanov:2009kj,
     author    = "{ZEUS Collab.} and Chekanov, S. and others",
 collaboration = "ZEUS",
     title     = "{Measurement of charm and beauty production in deep
                  inelastic ep scattering from decays into muons at HERA}",
     journal   = "Eur. Phys. J.",
     volume    = "C65",
     year      = "2010",
     pages     = "65-79",
     eprint    = "0904.3487",
     archivePrefix = "arXiv",
     primaryClass  =  "hep-ex",
     doi       = "10.1140/epjc/s10052-009-1193-x",
     SLACcitation  = "%%CITATION = 0904.3487;%%"
}

@Article{Chekanov:2009kb,
     author    = "{ZEUS Collab.} and Chekanov, S. and others",
 collaboration = "ZEUS",
     title     = "{Scaled momentum distributions of charged particles in
                  dijet photoproduction at HERA}",
     journal   = "JHEP",
     volume    = "08",
     year      = "2009",
     pages     = "077",
     eprint    = "0904.3466",
     archivePrefix = "arXiv",
     primaryClass  =  "hep-ex",
     doi       = "10.1088/1126-6708/2009/08/077",
     SLACcitation  = "%%CITATION = 0904.3466;%%"
}

@Article{Chekanov:2009na,
     author    = "{ZEUS Collab.} and Chekanov, S. and others",
 collaboration = "ZEUS",
     title     = "{Measurement of the Longitudinal Proton Structure Function
                  at HERA}",
     journal   = "Phys. Lett.",
     volume    = "B682",
     year      = "2009",
     pages     = "8-22",
     eprint    = "0904.1092",
     archivePrefix = "arXiv",
     primaryClass  =  "hep-ex",
     doi       = "10.1016/j.physletb.2009.10.050",
     SLACcitation  = "%%CITATION = 0904.1092;%%"
}

@Booklet{Jung:2009eq,
     author    = "Ajaltouni, Z. J. and others",
     title     = "{Proceedings of the workshop: HERA and the LHC workshop
                  series on the implications of HERA for LHC physics}",
     year      = "2009",
     eprint    = "0903.3861",
     archivePrefix = "arXiv",
     primaryClass  =  "hep-ph",
     SLACcitation  = "%%CITATION = 0901.2385;%%"
}

@Article{Chekanov:2009gm,
     author    = "{ZEUS Collab.} and Chekanov, S. and others",
 collaboration = "ZEUS",
     title     = "{Measurement of high-$Q^2$ neutral current deep inelastic $e^{-}p$ scattering cross sections with a longitudinally polarised
                  electron beam at HERA}",
     journal   = "Eur. Phys. J.",
     volume    = "C62",
     year      = "2009",
     pages     = "625-658",
     eprint    = "0901.2385",
     archivePrefix = "arXiv",
     primaryClass  =  "hep-ex",
     doi       = "10.1140/epjc/s10052-009-1055-6",
     SLACcitation  = "%%CITATION = 0901.2385;%%"
}

@Article{Aad:2009wy,
     author    = "{ATLAS Collab.} and Aad, G. and others",
 collaboration = "The ATLAS",
     title     = "{Expected Performance of the ATLAS Experiment - Detector,
                  Trigger and Physics}",
     year      = "2009",
     eprint    = "0901.0512",
     archivePrefix = "arXiv",
     primaryClass  =  "hep-ex",
     SLACcitation  = "%%CITATION = 0901.0512;%%"
}

@Article{Chekanov:2008aa,
     author    = "{ZEUS Collab.} and Chekanov, S. and others",
 collaboration = "ZEUS",
     title     = "{Measurement of charged current deep inelastic scattering
                  cross sections with a longitudinally polarised electron
                  beam at HERA}",
     journal   = "Eur. Phys. J.",
     volume    = "C61",
     year      = "2009",
     pages     = "223-235",
     eprint    = "0812.4620",
     archivePrefix = "arXiv",
     primaryClass  =  "hep-ex",
     doi       = "10.1140/epjc/s10052-009-1015-1",
     SLACcitation  = "%%CITATION = 0812.4620;%%"
}

@Article{Chekanov:2008yd,
     author    = "{ZEUS Collab.} and Chekanov, S. and others",
 collaboration = "ZEUS",
     title     = "{Measurement of D+- and D0 production in deep inelastic
                  scattering using a lifetime tag at HERA}",
     journal   = "Eur. Phys. J.",
     volume    = "C63",
     year      = "2009",
     pages     = "171-188",
     eprint    = "0812.3775",
     archivePrefix = "arXiv",
     primaryClass  =  "hep-ex",
     doi       = "10.1140/epjc/s10052-009-1088-x",
     SLACcitation  = "%%CITATION = 0812.3775;%%"
}

@Article{Chekanov:2009bc,
     author    = "{ZEUS Collab.} and Chekanov, S. and others",
 collaboration = "ZEUS",
     title     = "{Subjet distributions in deep inelastic scattering at
                  HERA}",
     journal   = "Eur. Phys. J.",
     volume    = "C63",
     year      = "2009",
     pages     = "527-548",
     eprint    = "0812.2864",
     archivePrefix = "arXiv",
     primaryClass  =  "hep-ex",
     doi       = "10.1140/epjc/s10052-009-1090-3",
     SLACcitation  = "%%CITATION = 0812.2864;%%"
}

