@Article{Chekanov:2010nb,
     author    = "Chekanov, S. V.",
     title     = "{Experimental summary of ISMD10}",
     year      = "2010",
     eprint    = "1012.1195",
     archivePrefix = "arXiv",
     primaryClass  =  "hep-ph",
     SLACcitation  = "%%CITATION = 1012.1195;%%"
}

@Article{Aad:2010fh,
     author    = "Aad, Georges and others",
 collaboration = "Atlas",
     title     = "{Measurement of underlying event characteristics using
                  charged particles in pp collisions at $\sqrt{s} = 900 GeV$
                  and 7 TeV with the ATLAS detector}",
     year      = "2010",
     eprint    = "1012.0791",
     archivePrefix = "arXiv",
     primaryClass  =  "hep-ex",
     SLACcitation  = "%%CITATION = 1012.0791;%%"
}

@Article{Aad:2010mr,
     author    = "Aad, G. and others",
 collaboration = "The ATLAS",
     title     = "{Studies of the performance of the ATLAS detector using
                  cosmic-ray muons}",
     year      = "2010",
     eprint    = "1011.6665",
     archivePrefix = "arXiv",
     primaryClass  =  "physics.ins-det",
     SLACcitation  = "%%CITATION = 1011.6665;%%"
}

@Article{Aad:2010bu,
     author    = "Aad, Georges and others",
 collaboration = "Atlas",
     title     = "{Observation of a Centrality-Dependent Dijet Asymmetry in
                  Lead-Lead Collisions at sqrt(S(NN))= 2.76 TeV with the
                  ATLAS Detector at the LHC}",
     year      = "2010",
     eprint    = "1011.6182",
     archivePrefix = "arXiv",
     primaryClass  =  "hep-ex",
     SLACcitation  = "%%CITATION = 1011.6182;%%"
}

@Article{Abramowicz:2010ih,
     author    = "{ZEUS Collab.} and Abramowicz, H. and others",
 collaboration = "ZEUS",
     title     = "{Inclusive dijet cross sections in neutral current deep
                  inelastic scattering at HERA}",
     journal   = "Eur. Phys. J.",
     volume    = "C70",
     year      = "2010",
     pages     = "965-982",
     eprint    = "1010.6167",
     archivePrefix = "arXiv",
     primaryClass  =  "hep-ex",
     doi       = "10.1140/epjc/s10052-010-1504-2",
     SLACcitation  = "%%CITATION = 1010.6167;%%"
}

@Article{Aad:2010yt,
     author    = "Aad, Georges and others",
 collaboration = "Atlas",
     title     = "{Measurement of the W -&gt; lnu and Z/gamma* -&gt; ll production
                  cross sections in proton-proton collisions at sqrt(s) = 7
                  TeV with the ATLAS detector}",
     journal   = "JHEP",
     volume    = "12",
     year      = "2010",
     pages     = "060",
     eprint    = "1010.2130",
     archivePrefix = "arXiv",
     primaryClass  =  "hep-ex",
     doi       = "10.1007/JHEP12(2010)060",
     SLACcitation  = "%%CITATION = 1010.2130;%%"
}

@Article{Aad:2010wv,
     author    = "Aad, Georges and others",
 collaboration = "Atlas",
     title     = "{Measurement of inclusive jet and dijet cross sections in
                  proton-proton collisions at 7 TeV centre-of-mass energy
                  with the ATLAS detector}",
     year      = "2010",
     eprint    = "1009.5908",
     archivePrefix = "arXiv",
     primaryClass  =  "hep-ex",
     SLACcitation  = "%%CITATION = 1009.5908;%%"
}

@Article{Aad:2010eza,
     author    = "Aad, Georges and others",
 collaboration = "ATLAS",
     title     = "{Search for Quark Contact Interactions in Dijet Angular
                  Distributions in pp Collisions at sqrt(s) = 7 TeV Measured
                  with the ATLAS Detector}",
     journal   = "Phys. Lett.",
     volume    = "B694",
     year      = "2011",
     pages     = "327-345",
     eprint    = "1009.5069",
     archivePrefix = "arXiv",
     primaryClass  =  "hep-ex",
     doi       = "10.1016/j.physletb.2010.10.021",
     SLACcitation  = "%%CITATION = 1009.5069;%%"
}

@Article{Chekanov:2010gv,
     author    = "Chekanov, S. and Levy, C. and Proudfoot, J. and Yoshida, R.
                  ",
     title     = "{New approach for jet-shape identification of TeV-scale
                  particles at the LHC}",
     journal   = "Phys. Rev.",
     volume    = "D82",
     year      = "2010",
     pages     = "094029",
     eprint    = "1009.2749",
     archivePrefix = "arXiv",
     primaryClass  =  "hep-ph",
     doi       = "10.1103/PhysRevD.82.094029",
     SLACcitation  = "%%CITATION = 1009.2749;%%"
}

@Article{Abramowicz:2010xc,
     author    = "Abramowicz, H. and others",
     title     = "{Measurement of high-$Q^2$ charged current deep inelastic
                  scattering cross sections with a longitudinally polarised
                  positron beam at HERA}",
     journal   = "Eur. Phys. J.",
     volume    = "C70",
     year      = "2010",
     pages     = "945-963",
     eprint    = "1008.3493",
     archivePrefix = "arXiv",
     primaryClass  =  "hep-ex",
     doi       = "10.1140/epjc/s10052-010-1498-9",
     SLACcitation  = "%%CITATION = 1008.3493;%%"
}

@Article{Aad:2010bc,
     author    = "Aad, Georges and others",
 collaboration = "ATLAS",
     title     = "{Search for New Particles in Two-Jet Final States in 7 TeV
                  Proton-Proton Collisions with the ATLAS Detector at the
                  LHC}",
     journal   = "Phys. Rev. Lett.",
     volume    = "105",
     year      = "2010",
     pages     = "161801",
     eprint    = "1008.2461",
     archivePrefix = "arXiv",
     primaryClass  =  "hep-ex",
     doi       = "10.1103/PhysRevLett.105.161801",
     SLACcitation  = "%%CITATION = 1008.2461;%%"
}

@Article{Aad:2010dd,
     author    = "Aad, Georges and others",
 collaboration = "ATLAS",
     title     = "{Readiness of the ATLAS Tile Calorimeter for LHC
                  collisions}",
     journal   = "Eur. Phys. J.",
     volume    = "C70",
     year      = "2010",
     pages     = "1193-1236",
     eprint    = "1007.5423",
     archivePrefix = "arXiv",
     primaryClass  =  "physics.ins-det",
     doi       = "10.1140/epjc/s10052-010-1508-y",
     SLACcitation  = "%%CITATION = 1007.5423;%%"
}

@Article{Abramowicz:2010nj,
     author    = "Abramowicz, H. and others",
 collaboration = "ZEUS",
     title     = "{Measurement of $D^{+}$ and $\Lambda_{c}^{+}$ production in deep
                  inelastic scattering at HERA}",
     journal   = "JHEP",
     volume    = "11",
     year      = "2010",
     pages     = "009",
     eprint    = "1007.1945",
     archivePrefix = "arXiv",
     primaryClass  =  "hep-ex",
     doi       = "10.1007/JHEP11(2010)009",
     SLACcitation  = "%%CITATION = 1007.1945;%%"
}

@Article{Aad:2010knc,
     author    = "Aad, G and others",
 collaboration = "Atlas",
     title     = "{Performance of the ATLAS Detector using First Collision
                  Data}",
     journal   = "JHEP",
     volume    = "09",
     year      = "2010",
     pages     = "056",
     eprint    = "1005.5254",
     archivePrefix = "arXiv",
     primaryClass  =  "hep-ex",
     doi       = "10.1007/JHEP09(2010)056",
     SLACcitation  = "%%CITATION = 1005.5254;%%"
}

@Article{Aad:2010wqa,
     author    = "Aad, Georges and others",
 collaboration = "ATLAS",
     title     = "{The ATLAS Simulation Infrastructure}",
     journal   = "Eur. Phys. J.",
     volume    = "C70",
     year      = "2010",
     pages     = "823-874",
     eprint    = "1005.4568",
     archivePrefix = "arXiv",
     primaryClass  =  "physics.ins-det",
     doi       = "10.1140/epjc/s10052-010-1429-9",
     SLACcitation  = "%%CITATION = 1005.4568;%%"
}

@Article{Abramowicz:2010zq,
     author    = "Abramowicz, H. and others",
 collaboration = "ZEUS",
     title     = "{Measurement of beauty production in DIS and $F_2^b\bar{b}$
                  extraction at ZEUS}",
     journal   = "Eur. Phys. J.",
     volume    = "C69",
     year      = "2010",
     pages     = "347-360",
     eprint    = "1005.3396",
     archivePrefix = "arXiv",
     primaryClass  =  "hep-ex",
     doi       = "10.1140/epjc/s10052-010-1423-2",
     SLACcitation  = "%%CITATION = 1005.3396;%%"
}

@Article{Ryan:2010bx,
     author    = "Ryan, P. and others",
 collaboration = "ATLAS",
     title     = "{The ATLAS Inner Detector commissioning and calibration}",
     journal   = "Eur. Phys. J.",
     volume    = "C70",
     year      = "2010",
     pages     = "787-821",
     eprint    = "1004.5293",
     archivePrefix = "arXiv",
     primaryClass  =  "physics.ins-det",
     doi       = "10.1140/epjc/s10052-010-1366-7",
     SLACcitation  = "%%CITATION = 1004.5293;%%"
}

@Article{Aad:2010rd,
     author    = "Aad, G. and others",
 collaboration = "ATLAS",
     title     = "{Charged-particle multiplicities in pp interactions at
                  sqrt(s) = 900 GeV measured with the ATLAS detector at the
                  LHC}",
     journal   = "Phys. Lett.",
     volume    = "B688",
     year      = "2010",
     pages     = "21-42",
     eprint    = "1003.3124",
     archivePrefix = "arXiv",
     primaryClass  =  "hep-ex",
     doi       = "10.1016/j.physletb.2010.03.064",
     SLACcitation  = "%%CITATION = 1003.3124;%%"
}

@Article{Abramowicz:2010ke,
     author    = "Abramowicz, H. and others",
 collaboration = "The ZEUS",
     title     = "{Inclusive-jet cross sections in NC DIS at HERA and a
                  comparison of the kT, anti-kT and SIScone jet algorithms}",
     journal   = "Phys. Lett.",
     volume    = "B691",
     year      = "2010",
     pages     = "127-137",
     eprint    = "1003.2923",
     archivePrefix = "arXiv",
     primaryClass  =  "hep-ex",
     doi       = "10.1016/j.physletb.2010.06.015",
     SLACcitation  = "%%CITATION = 1003.2923;%%"
}

@Article{Aad:2010zh,
     author    = "Aad, G and others",
 collaboration = "ATLAS",
     title     = "{Drift Time Measurement in the ATLAS Liquid Argon
                  Electromagnetic Calorimeter using Cosmic Muons}",
     journal   = "Eur. Phys. J.",
     volume    = "C70",
     year      = "2010",
     pages     = "755-785",
     eprint    = "1002.4189",
     archivePrefix = "arXiv",
     primaryClass  =  "physics.ins-det",
     doi       = "10.1140/epjc/s10052-010-1403-6",
     SLACcitation  = "%%CITATION = 1002.4189;%%"
}

@Article{Chekanov:2010vc,
     author    = "Chekanov, S. and Proudfoot, J.",
     title     = "{Searches for TeV-scale particles at the LHC using jet
                  shapes}",
     journal   = "Phys. Rev.",
     volume    = "D81",
     year      = "2010",
     pages     = "114038",
     eprint    = "1002.3982",
     archivePrefix = "arXiv",
     primaryClass  =  "hep-ph",
     doi       = "10.1103/PhysRevD.81.114038",
     SLACcitation  = "%%CITATION = 1002.3982;%%"
}

@Article{Abramowicz:2010rz,
     author    = "Abramowicz, H. and others",
     title     = "{Scaled momentum spectra in deep inelastic scattering at
                  HERA}",
     journal   = "JHEP",
     volume    = "06",
     year      = "2010",
     pages     = "009",
     eprint    = "1001.4026",
     archivePrefix = "arXiv",
     primaryClass  =  "hep-ex",
     doi       = "10.1007/JHEP06(2010)009",
     SLACcitation  = "%%CITATION = 1001.4026;%%"
}

@Article{Aad:2009zp,
     author    = "Aad, G and others",
 collaboration = "ATLAS",
     title     = "{Readiness of the ATLAS Liquid Argon Calorimeter for LHC
                  Collisions}",
     journal   = "Eur. Phys. J.",
     volume    = "C70",
     year      = "2010",
     pages     = "723-753",
     eprint    = "0912.2642",
     archivePrefix = "arXiv",
     primaryClass  =  "physics.ins-det",
     doi       = "10.1140/epjc/s10052-010-1354-y",
     SLACcitation  = "%%CITATION = 0912.2642;%%"
}
