@unpublished{Pequenao:1095924,
      author        = "Joao Pequenao",
      title         = "{Computer generated image of the whole ATLAS detector}",
      month         = "Mar",
      year          = "2008",
      reportNumber  = "CERN-GE-0803012",
      url           = "http://cds.cern.ch/record/1095924",
}

@article{Mobs:2636343,
      author        = "Mobs, Esma",
      title         = "{The CERN accelerator complex - August 2018. Complexe des
                       accélérateurs du CERN - Août 2018}",
      month         = "Aug",
      year          = "2018",
      reportNumber  = "OPEN-PHO-ACCEL-2018-005",
      url           = "http://cds.cern.ch/record/2636343",
      note          = "General Photo",
}

@unpublished{Jean-Luc:841555,
      author        = "Jean-Luc Caron",
      title         = "{Overall view of LHC experiments.. Vue d'ensemble des
                       experiences du LHC.}",
      month         = "May",
      year          = "1998",
      reportNumber  = "LHC-PHO-1998-349",
      url           = "https://cds.cern.ch/record/841555",
      note          = "AC Collection. Legacy of AC. Pictures from 1992 to 2002.",
}

@article{lhc_machine,
      author         = "Evans, Lyndon and Bryant, Philip",
      title          = "{LHC Machine}",
      journal        = "JINST",
      volume         = "3",
      year           = "2008",
      pages          = "S08001",
      doi            = "10.1088/1748-0221/3/08/S08001",
      SLACcitation   = "%%CITATION = JINST,3,S08001;%%"
}

@article{atlas,
      author         = "Aad, G. and others",
      title          = "{The ATLAS Experiment at the CERN Large Hadron Collider}",
      collaboration  = "ATLAS",
      journal        = "JINST",
      volume         = "3",
      year           = "2008",
      pages          = "S08003",
      doi            = "10.1088/1748-0221/3/08/S08003",
      SLACcitation   = "%%CITATION = JINST,3,S08003;%%"
}

@article{cms,
      author         = "Chatrchyan, S. and others",
      title          = "{The CMS Experiment at the CERN LHC}",
      collaboration  = "CMS",
      journal        = "JINST",
      volume         = "3",
      year           = "2008",
      pages          = "S08004",
      doi            = "10.1088/1748-0221/3/08/S08004",
      SLACcitation   = "%%CITATION = JINST,3,S08004;%%"
}

@article{lhcb,
      author         = "Alves, Jr., A. Augusto and others",
      title          = "{The LHCb Detector at the LHC}",
      collaboration  = "LHCb",
      journal        = "JINST",
      volume         = "3",
      year           = "2008",
      pages          = "S08005",
      doi            = "10.1088/1748-0221/3/08/S08005",
      SLACcitation   = "%%CITATION = JINST,3,S08005;%%"
}

@article{alice,
      author         = "Aamodt, K. and others",
      title          = "{The ALICE experiment at the CERN LHC}",
      collaboration  = "ALICE",
      journal        = "JINST",
      volume         = "3",
      year           = "2008",
      pages          = "S08002",
      doi            = "10.1088/1748-0221/3/08/S08002",
      SLACcitation   = "%%CITATION = JINST,3,S08002;%%"
}

@article{pixel_run2,
      author         = "Takubo, Y.",
      title          = "{The Pixel Detector of the ATLAS experiment for the Run2
                        at the Large Hadron Collider}",
      booktitle      = "{Proceedings, 10th International Conference on Position
                        Sensitive Detectors (PSD10): Surrey, UK, September 7-12,
                        2014}",
      collaboration  = "ATLAS",
      journal        = "JINST",
      volume         = "10",
      year           = "2015",
      number         = "02",
      pages          = "C02001",
      doi            = "10.1088/1748-0221/10/02/C02001,
                        10.1088/1748-0221/10/12/C12001",
      eprint         = "1411.5338",
      archivePrefix  = "arXiv",
      primaryClass   = "physics.ins-det",
      SLACcitation   = "%%CITATION = ARXIV:1411.5338;%%"
}

@book{wermes,
      author         = {Wermes, Norbert and Kolanoski, Hermann},
      title          = {Teilchendetektoren Grundlagen und Anwendungen},
      publisher      = {Springer Verlag},
      year           = {2016},
      edition        = {1},
      }