@misc{lego,
  title = "{The Lego Group}",
  howpublished = {\url{https://www.lego.com/de-de}},
  note = {Accessed: 2019-03-22}
}

@misc{atlas_lego,
	author = "{Sascha Mehlhase}",
	howpublished = {\url{https://build-your-own-particle-detector.org/models/atlas-lego-model-mini/?lang=de}},
	note = {Accesed: 2019-03-23}
}