@article{Aad:2010ah,
      author         = "Aad, G. and others",
      title          = "{The ATLAS Simulation Infrastructure}",
      collaboration  = "ATLAS",
      journal        = "Eur. Phys. J.",
      volume         = "C70",
      year           = "2010",
      pages          = "823-874",
      doi            = "10.1140/epjc/s10052-010-1429-9",
      eprint         = "1005.4568",
      archivePrefix  = "arXiv",
      primaryClass   = "physics.ins-det",
      SLACcitation   = "%%CITATION = ARXIV:1005.4568;%%"
}

@article{Agostinelli:2002hh,
      author         = "Agostinelli, S. and others",
      title          = "{GEANT4: A Simulation toolkit}",
      collaboration  = "GEANT4",
      journal        = "Nucl. Instrum. Meth.",
      volume         = "A506",
      year           = "2003",
      pages          = "250-303",
      doi            = "10.1016/S0168-9002(03)01368-8",
      reportNumber   = "SLAC-PUB-9350, FERMILAB-PUB-03-339",
      SLACcitation   = "%%CITATION = NUIMA,A506,250;%%"
}

@article{Yamanaka_2011,
	doi = {10.1088/1742-6596/331/3/032053},
	url = {https://doi.org/10.1088%2F1742-6596%2F331%2F3%2F032053},
	year = 2011,
	month = {dec},
	publisher = {{IOP} Publishing},
	volume = {331},
	number = {3},
	pages = {032053},
	author = {Takashi Yamanaka and},
	title = {The {ATLAS} calorimeter simulation {FastCaloSim}},
	journal = {Journal of Physics: Conference Series},
	abstract = {The FastCaloSim calorimeter simulation was developed to provide a reasonably accurate but still fast simulation of the ATLAS calorimeter system. Parameterizations of electromagnetic and hadronic calorimeter showers are used to deposit particle energies in the detailed calorimeter structure. In the present document a short overview of the fast calorimeter simulation principle is presented. This is followed by a comparison of individual particle signatures and event properties to the full Geant 4 based ATLAS detector simulation}
}

@techreport{ATL-PHYS-PUB-2012-003,
      title         = "{Summary of ATLAS Pythia 8 tunes}",
      institution   = "CERN",
      address       = "Geneva",
      number        = "ATL-PHYS-PUB-2012-003",
      month         = "Aug",
      year          = "2012",
      reportNumber  = "ATL-PHYS-PUB-2012-003",
      url           = "https://cds.cern.ch/record/1474107",
}

