
@misc{standard_model,
   author = "{Wikipedia contributors}",
   title = "Elementary particles included in the Standard Model",
   year = "2006",
   url = "https://commons.wikimedia.org/wiki/File:Standard_Model_of_Elementary_Particles.svg",
   note = "[Online; accessed 03-March-2019]"
 }
 

@book{ thomson,
   author = }