@online{feyn_repo,
	author	= "{Ian {C.} Brock}",
	title	= "{FeynmanDiagrams}",
	url		= "https://gitlab.cern.ch/atlasphys-top/singletop/PubUtils/FeynmanDiagrams",
}

@article{DR-DS,
      author         = "Frixione, Stefano and Laenen, Eric and Motylinski,
                        Patrick and Webber, Bryan R. and White, Chris D.",
      title          = "{Single-top hadroproduction in association with a W
                        boson}",
      journal        = "JHEP",
      volume         = "07",
      year           = "2008",
      pages          = "029",
      doi            = "10.1088/1126-6708/2008/07/029",
      eprint         = "0805.3067",
      archivePrefix  = "arXiv",
      primaryClass   = "hep-ph",
      reportNumber   = "CERN-TH-2008-104, ITP-UU-08-27, NIKHEF-2008-005,
                        ITFA-2008-16, CAVENDISH-HEP-08-06",
      SLACcitation   = "%%CITATION = ARXIV:0805.3067;%%"
}