@ARTICLE{2014arXiv1406.2661G,
       author = {{Goodfellow}, Ian J. and {Pouget-Abadie}, Jean and {Mirza}, Mehdi and
         {Xu}, Bing and {Warde-Farley}, David and {Ozair}, Sherjil and
         {Courville}, Aaron and {Bengio}, Yoshua},
        title = "{Generative Adversarial Networks}",
      journal = {arXiv e-prints},
     keywords = {Statistics - Machine Learning, Computer Science - Machine Learning},
         year = "2014",
        month = "Jun",
          eid = {arXiv:1406.2661},
        pages = {arXiv:1406.2661},
archivePrefix = {arXiv},
       eprint = {1406.2661},
 primaryClass = {stat.ML},
       adsurl = {https://ui.adsabs.harvard.edu/\#abs/2014arXiv1406.2661G},
      adsnote = {Provided by the SAO/NASA Astrophysics Data System}
}

@misc{chollet2015keras,
  title={Keras},
  author={Chollet, Fran\c{c}ois and others},
  year={2015},
  howpublished={\url{https://keras.io}},
}

@unpublished{Pequenao:1095924,
      author        = "Joao Pequenao",
      title         = "{Computer generated image of the whole ATLAS detector}",
      month         = "Mar",
      year          = "2008",
      reportNumber  = "CERN-GE-0803012",
      url           = "http://cds.cern.ch/record/1095924",
}

@article{Mobs:2636343,
      author        = "Mobs, Esma",
      title         = "{The CERN accelerator complex - August 2018. Complexe des
                       accélérateurs du CERN - Août 2018}",
      month         = "Aug",
      year          = "2018",
      reportNumber  = "OPEN-PHO-ACCEL-2018-005",
      url           = "http://cds.cern.ch/record/2636343",
      note          = "General Photo",
}

@unpublished{Jean-Luc:841555,
      author        = "Jean-Luc Caron",
      title         = "{Overall view of LHC experiments.. Vue d'ensemble des
                       experiences du LHC.}",
      month         = "May",
      year          = "1998",
      reportNumber  = "LHC-PHO-1998-349",
      url           = "https://cds.cern.ch/record/841555",
      note          = "AC Collection. Legacy of AC. Pictures from 1992 to 2002.",
}

@misc{tensorflow2015-whitepaper,
title={{TensorFlow}: Large-Scale Machine Learning on Heterogeneous Systems},
url={http://tensorflow.org/},
note={Software available from tensorflow.org},
author= "{Martin Abadi}",
  year={2015},
}

@misc{standard_model,
   author = "{MissMJ}",
   title = "Elementary particles included in the Standard Model",
   year = "2006",
   url = "https://commons.wikimedia.org/wiki/File:Standard_Model_of_Elementary_Particles.svg",
   note = "[Online; accessed 03-March-2019]"
 }
 
 @ARTICLE{2014arXiv1406.2661G,
       author = {{Goodfellow}, Ian J. and {Pouget-Abadie}, Jean and {Mirza}, Mehdi and
         {Xu}, Bing and {Warde-Farley}, David and {Ozair}, Sherjil and
         {Courville}, Aaron and {Bengio}, Yoshua},
        title = "{Generative Adversarial Networks}",
      journal = {arXiv e-prints},
     keywords = {Statistics - Machine Learning, Computer Science - Machine Learning},
         year = "2014",
        month = "Jun",
          eid = {arXiv:1406.2661},
        pages = {arXiv:1406.2661},
archivePrefix = {arXiv},
       eprint = {1406.2661},
 primaryClass = {stat.ML},
       adsurl = {https://ui.adsabs.harvard.edu/\#abs/2014arXiv1406.2661G},
      adsnote = {Provided by the SAO/NASA Astrophysics Data System}
}

@article{Louppe:2016ylz,
      author         = "Louppe, Gilles and Kagan, Michael and Cranmer, Kyle",
      title          = "{Learning to Pivot with Adversarial Networks}",
      year           = "2016",
      eprint         = "1611.01046",
      archivePrefix  = "arXiv",
      primaryClass   = "stat.ME",
      SLACcitation   = "%%CITATION = ARXIV:1611.01046;%%"
}